<record><leader>00000cas a22000007a 4500</leader><controlfield tag="001">11265528</controlfield><controlfield tag="008">841015d1876191uinuwr ne      0    0eng d</controlfield><datafield ind1=" " ind2=" " tag="010"><subfield code="a">sn 84038241 </subfield></datafield><datafield ind1=" " ind2=" " tag="040"><subfield code="a">NPX</subfield><subfield code="b">eng</subfield><subfield code="c">NPX</subfield><subfield code="d">NPI</subfield><subfield code="d">OCLCQ</subfield></datafield><datafield ind1=" " ind2=" " tag="042"><subfield code="a">msc</subfield></datafield><datafield ind1="0" ind2="4" tag="082"><subfield code="a">070</subfield></datafield><datafield ind1="0" ind2=" " tag="130"><subfield code="a">Wabash plain dealer (Wabash, Ind. : 1876 : Weekly)</subfield></datafield><datafield ind1="1" ind2="0" tag="245"><subfield code="a">Wabash plain dealer.</subfield></datafield><datafield ind1="1" ind2="3" tag="246"><subfield code="a">Daily plain dealer</subfield></datafield><datafield ind1=" " ind2=" " tag="260"><subfield code="a">Wabash, Ind. :</subfield><subfield code="b">Plain Dealer Print. Co.,</subfield><subfield code="c">1876-</subfield></datafield><datafield ind1=" " ind2=" " tag="310"><subfield code="a">Weekly</subfield></datafield><datafield ind1="0" ind2=" " tag="362"><subfield code="a">Vol. 18, no. 8 (Apr. 13, 1876)-</subfield></datafield><datafield ind1=" " ind2=" " tag="500"><subfield code="a">Also published in a daily fair ed. called: The Plain dealer, &lt;Sept. 10-11, 1879&gt;.</subfield></datafield><datafield ind1=" " ind2=" " tag="580"><subfield code="a">Also published in various daily editions.</subfield></datafield><datafield ind1=" " ind2=" " tag="752"><subfield code="a">United States</subfield><subfield code="b">Indiana</subfield><subfield code="c">Wabash</subfield><subfield code="d">Wabash.</subfield></datafield><datafield ind1="1" ind2=" " tag="775"><subfield code="t">Wabash daily plain dealer (Wabash, Ind. : 1891)</subfield><subfield code="w">(DLC)sn 87055462</subfield></datafield><datafield ind1="1" ind2=" " tag="775"><subfield code="t">Daily plain dealer (Wabash, Ind. : 1880)</subfield><subfield code="w">(DLC)sn 87055461</subfield></datafield><datafield ind1="1" ind2=" " tag="775"><subfield code="t">Wabash plain dealer (Wabash, Ind. : 1895 : Daily)</subfield><subfield code="w">(DLC)sn 87055463</subfield></datafield><datafield ind1="1" ind2=" " tag="775"><subfield code="t">Daily plain dealer (Wabash, Ind. : 1895)</subfield><subfield code="w">(DLC)sn 87055464</subfield></datafield><datafield ind1="0" ind2="0" tag="780"><subfield code="t">Wabash weekly plain dealer (Wabash, Ind. : 1872)</subfield><subfield code="w">(DLC)sn 85033277</subfield></datafield></record>